@incollection{berger1998normalization,
  title={Normalization by evaluation},
  author={Berger, Ulrich and Eberl, Matthias and Schwichtenberg, Helmut},
  booktitle={Prospects for Hardware Foundations},
  pages={117--137},
  year={1998},
  publisher={Springer}
}

@article{abel2007normalization,
  title={Normalization by evaluation for Martin-L{\"o}f type theory with one universe},
  author={Abel, Andreas and Aehlig, Klaus and Dybjer, Peter},
  journal={Electronic Notes in Theoretical Computer Science},
  volume={173},
  pages={17--39},
  year={2007},
  publisher={Elsevier}
}

@article{huet1997coq,
  title={The coq proof assistant a tutorial},
  author={Huet, G{\'e}rard and Kahn, Gilles and Paulin-Mohring, Christine},
  journal={Rapport Technique},
  volume={178},
  year={1997}
}

@inproceedings{norell2008dependently,
  title={Dependently typed programming in Agda},
  author={Norell, Ulf},
  booktitle={International school on advanced functional programming},
  pages={230--266},
  year={2008},
  organization={Springer}
}

@article{brady2013idris,
  title={Idris, a general-purpose dependently typed programming language: Design and implementation.},
  author={Brady, Edwin},
  journal={J. Funct. Program.},
  volume={23},
  number={5},
  pages={552--593},
  year={2013}
}

@inproceedings{de2015lean,
  title={The Lean theorem prover (system description)},
  author={de Moura, Leonardo and Kong, Soonho and Avigad, Jeremy and Van Doorn, Floris and von Raumer, Jakob},
  booktitle={International Conference on Automated Deduction},
  pages={378--388},
  year={2015},
  organization={Springer}
}

@article{coquand2009simple,
  title={A simple type-theoretic language: Mini-TT},
  author={Coquand, Thierry and Kinoshita, Yoshiki and Nordstr{\"o}m, Bengt and Takeyama, Makoto},
  journal={From Semantics to Computer Science; Essays in Honour of Gilles Kahn},
  pages={139--164},
  year={2009}
}

@incollection{de1994survey,
  title={A survey of the project AUTOMATH},
  author={De Bruijn, Nicolaas Govert},
  booktitle={Studies in Logic and the Foundations of Mathematics},
  volume={133},
  pages={141--161},
  year={1994},
  publisher={Elsevier}
}

@book{barendregt1984lambda,
  title={The lambda calculus},
  author={Barendregt, Hendrik P and others},
  volume={3},
  year={1984},
  publisher={North-Holland Amsterdam}
}

@book{van1994checking,
  title={Checking Landau's "Grundlagen" in the Automath system},
  author={L.S. van Benthem Jutting},
  publisher={StichtingMathematisch Centrum},
  year={1977}}

@inproceedings{hurkens1995simplification,
  title={A simplification of Girard's paradox},
  author={Hurkens, Antonius JC},
  booktitle={International Conference on Typed Lambda Calculi and Applications},
  pages={266--278},
  year={1995},
  organization={Springer}
}

@article{landin1964mechanical,
  title={The mechanical evaluation of expressions},
  author={Landin, Peter J},
  journal={The computer journal},
  volume={6},
  number={4},
  pages={308--320},
  year={1964},
  publisher={The British Computer Society}
}

@incollection{balsters1994lambda,
  title={Lambda calculus extended with segments: Chapter 1, Sections 1.1 and 1.2 (Introduction)},
  author={Balsters, H},
  booktitle={Studies in Logic and the Foundations of Mathematics},
  volume={133},
  pages={339--367},
  year={1994},
  publisher={Elsevier}
}

@incollection{de1994generalizing,
  title={Generalizing automath by means of a lambda-typed lambda calculus},
  author={de Bruijn, Nicolaas Govert},
  booktitle={Studies in Logic and the Foundations of Mathematics},
  volume={133},
  pages={313--337},
  year={1994},
  publisher={Elsevier}
}
